<record><leader>00000cas a22000007a 4500</leader><controlfield tag="001">45360837</controlfield><controlfield tag="008">001115d19231971tnumn ne      0    0eng d</controlfield><datafield ind1=" " ind2=" " tag="010"><subfield code="a">sn2005062328</subfield></datafield><datafield ind1=" " ind2=" " tag="040"><subfield code="a">UWT</subfield><subfield code="b">eng</subfield><subfield code="c">UWT</subfield><subfield code="d">OCLCQ</subfield><subfield code="d">TGN</subfield><subfield code="d">OCLCF</subfield><subfield code="d">OCLCO</subfield></datafield><datafield ind1="1" ind2=" " tag="029"><subfield code="a">AU@</subfield><subfield code="b">000027048959</subfield></datafield><datafield ind1=" " ind2=" " tag="042"><subfield code="a">msc</subfield></datafield><datafield ind1=" " ind2=" " tag="043"><subfield code="a">n-us-tn</subfield></datafield><datafield ind1="0" ind2="0" tag="245"><subfield code="a">Sky-rocket.</subfield></datafield><datafield ind1="3" ind2=" " tag="246"><subfield code="a">Skyrocket</subfield></datafield><datafield ind1="1" ind2=" " tag="246"><subfield code="i">At head of title:</subfield><subfield code="a">Alumni edition</subfield><subfield code="f">Mar. 1942; Mar. 1944; Mar.1946; Mar. 1950</subfield></datafield><datafield ind1="1" ind2=" " tag="246"><subfield code="i">At head of title:</subfield><subfield code="a">Bulletin of the Freed-Hardeman College</subfield><subfield code="f">Feb. 1942; Nov. 1943; Feb. 1944; Feb. 1945; Feb. 1946</subfield></datafield><datafield ind1=" " ind2=" " tag="260"><subfield code="a">Henderson, Tenn :</subfield><subfield code="b">Freed-Hardeman College,</subfield><subfield code="c">1923-1971.</subfield></datafield><datafield ind1=" " ind2=" " tag="300"><subfield code="a">v. :</subfield><subfield code="b">ill.</subfield></datafield><datafield ind1=" " ind2=" " tag="310"><subfield code="a">Monthly (during the regular school year)</subfield></datafield><datafield ind1="0" ind2=" " tag="362"><subfield code="a">Vol. 1, no. 1 (Oct. 15, 1923)-v. 48, no. 4 (Dec. 10, 1971).</subfield></datafield><datafield ind1=" " ind2=" " tag="500"><subfield code="a">Student newspaper of Freed-Hardeman College.</subfield></datafield><datafield ind1="2" ind2="0" tag="610"><subfield code="a">Freed-Hardeman College</subfield><subfield code="v">Newspapers.</subfield></datafield><datafield ind1=" " ind2="0" tag="650"><subfield code="a">Student newspapers and periodicals</subfield><subfield code="z">Tennessee, West.</subfield></datafield><datafield ind1=" " ind2="0" tag="651"><subfield code="a">Henderson (Tenn.)</subfield><subfield code="v">Newspapers.</subfield></datafield><datafield ind1=" " ind2="0" tag="651"><subfield code="a">Chester County (Tenn.)</subfield><subfield code="v">Newspapers.</subfield></datafield><datafield ind1=" " ind2="7" tag="655"><subfield code="a">Newspapers.</subfield><subfield code="2">fast</subfield><subfield code="0">(OCoLC)fst01423814</subfield></datafield><datafield ind1="2" ind2="7" tag="610"><subfield code="a">Freed-Hardeman College.</subfield><subfield code="2">fast</subfield><subfield code="0">(OCoLC)fst00514140</subfield></datafield><datafield ind1=" " ind2="7" tag="650"><subfield code="a">Student newspapers and periodicals.</subfield><subfield code="2">fast</subfield><subfield code="0">(OCoLC)fst01135965</subfield></datafield><datafield ind1=" " ind2="7" tag="651"><subfield code="a">Tennessee</subfield><subfield code="z">Chester County.</subfield><subfield code="2">fast</subfield><subfield code="0">(OCoLC)fst01222610</subfield></datafield><datafield ind1=" " ind2="7" tag="651"><subfield code="a">Tennessee</subfield><subfield code="z">Henderson.</subfield><subfield code="2">fast</subfield><subfield code="0">(OCoLC)fst01226746</subfield></datafield><datafield ind1=" " ind2="7" tag="651"><subfield code="a">Tennessee, West.</subfield><subfield code="2">fast</subfield><subfield code="0">(OCoLC)fst01692612</subfield></datafield><datafield ind1="2" ind2=" " tag="710"><subfield code="a">Freed-Hardeman College.</subfield></datafield><datafield ind1=" " ind2=" " tag="752"><subfield code="a">United States</subfield><subfield code="b">Tennessee</subfield><subfield code="c">Chester</subfield><subfield code="d">Henderson.</subfield></datafield><datafield ind1="0" ind2="0" tag="785"><subfield code="t">New edition</subfield><subfield code="w">(DLC)sn2005062329</subfield><subfield code="w">(OCoLC)57551351</subfield></datafield></record>